@article{A,
 author={Author, A.},
 title={The title of this article that should be long enough to wrap},
 journal={Journal of Irreproducible Results},
 year={2042},
}
@article{B,
 author={Buthor, B.},
 title={The title of this article that should be long enough to wrap},
 journal={Journal of Irreproducible Results},
 year={2042},
}
