@misc{LoremIpsum,
	title = {Lorem Ipusm},
	url = {http://www.lipsum.com/feed/html},
}